<?xml version="1.0" encoding="UTF-8"?><record xmlns="http://www.loc.gov/MARC21/slim" xmlns:cinclude="http://apache.org/cocoon/include/1.0" xmlns:zs="http://www.loc.gov/zing/srw/">
  <leader>00420cz  a2200145n  4500</leader>
  <controlfield tag="001">n  79103996 </controlfield>
  <controlfield tag="003">DLC</controlfield>
  <controlfield tag="005">20090301080917.0</controlfield>
  <controlfield tag="008">791114n| acannaabn          |b aaa      </controlfield>
  <datafield tag="010" ind1=" " ind2=" ">
    <subfield code="a">n  79103996 </subfield>
  </datafield>
  <datafield tag="035" ind1=" " ind2=" ">
    <subfield code="a">(OCoLC)oca00336033</subfield>
  </datafield>
  <datafield tag="040" ind1=" " ind2=" ">
    <subfield code="a">DLC</subfield>
    <subfield code="b">eng</subfield>
    <subfield code="c">DLC</subfield>
    <subfield code="d">OCoLC</subfield>
  </datafield>
  <datafield tag="100" ind1="1" ind2=" ">
    <subfield code="a">ʻUs̲mānī, Abū Z̲ar</subfield>
  </datafield>
  <datafield tag="400" ind1="0" ind2=" ">
    <subfield code="a">Abū Z̲ar ʻUs̲mānī</subfield>
  </datafield>
  <datafield tag="670" ind1=" " ind2=" ">
    <subfield code="a">His Fankār se fann tak, 1978:</subfield>
    <subfield code="b">t.p. (Abū Z̲ar ʻUs̲mānī)</subfield>
  </datafield>
</record>